@book{preussler2020,
  title     = "Integrated Planning of Pilot and Subsequent Confirmatory Study in Clinical Research -- Finding Optimal Designs in a Utility-Based Framework",
  author    = "Preussler, Stella",
  year      = 2020,
  publisher = "Dissertation, supervised by Kieser, M.",
  address   = "Heidelberg"
}